@inbook{eaton1989group,
address = "Haywood CA and Alexandria VA",
author = "Easton, Morris L.",
booktitle = "Group invariance in applications in statistics",
pages = "100--107",
publisher = "Institute of Mathematical Statistics and American Statistical Association",
series = "Regional Conference Series in Probability and Statistics",
title = "Chapter 7: Random orthogonal matrices",
url = "https://projecteuclid.org/euclid.cbms/1462061037",
volume = "Volume 1",
year = "1989"
}


@inbook{eaton,
address = "Beachwood, Ohio, USA",
author = "Eaton, Morris L.",
booktitle = "Multivariate Statistics",
doi = "10.1214/lnms/1196285111",
pages = "159--183",
publisher = "Institute of Mathematical Statistics",
series = "Lecture Notes--Monograph Series",
title = "Chapter 5: Matrix Factorizations and Jacobians",
url = "https://doi.org/10.1214/lnms/1196285111",
volume = "Volume 53",
year = "2007"
}
